<record><leader>00000cas a22000007a 4500</leader><controlfield tag="001">20744050</controlfield><controlfield tag="008">891207c19809999mnuwr ne      0    0eng d</controlfield><datafield ind1=" " ind2=" " tag="010"><subfield code="a">sn 89064639 </subfield></datafield><datafield ind1=" " ind2=" " tag="040"><subfield code="a">MN#</subfield><subfield code="b">eng</subfield><subfield code="c">MN#</subfield><subfield code="d">OCLCQ</subfield><subfield code="d">OCLCF</subfield><subfield code="d">OCLCO</subfield></datafield><datafield ind1=" " ind2=" " tag="042"><subfield code="a">msc</subfield></datafield><datafield ind1=" " ind2=" " tag="043"><subfield code="a">n-us-mn</subfield></datafield><datafield ind1=" " ind2=" " tag="052"><subfield code="a">4144</subfield><subfield code="b">L48</subfield><subfield code="b">G4</subfield></datafield><datafield ind1=" " ind2=" " tag="052"><subfield code="a">4143</subfield><subfield code="b">M2</subfield></datafield><datafield ind1="0" ind2="4" tag="245"><subfield code="a">The McLeod County chronicle.</subfield></datafield><datafield ind1=" " ind2=" " tag="260"><subfield code="a">Lester Prairie, Minn. :</subfield><subfield code="b">Bill McGarry,</subfield><subfield code="c">1980-</subfield></datafield><datafield ind1=" " ind2=" " tag="300"><subfield code="a">v.</subfield></datafield><datafield ind1=" " ind2=" " tag="310"><subfield code="a">Weekly</subfield></datafield><datafield ind1="0" ind2=" " tag="362"><subfield code="a">Vol. 82, no. 50 (Nov. 26, 1980)-</subfield></datafield><datafield ind1=" " ind2=" " tag="500"><subfield code="a">Published at Glencoe, Minn., Dec. 3, 1980-</subfield></datafield><datafield ind1=" " ind2=" " tag="530"><subfield code="a">Available on microfilm from the Minnesota Historical Society.</subfield></datafield><datafield ind1=" " ind2="0" tag="651"><subfield code="a">Lester Prairie (Minn.)</subfield><subfield code="v">Newspapers.</subfield></datafield><datafield ind1=" " ind2="0" tag="651"><subfield code="a">Glencoe (Minn.)</subfield><subfield code="v">Newspapers.</subfield></datafield><datafield ind1=" " ind2="7" tag="655"><subfield code="a">Newspapers.</subfield><subfield code="2">fast</subfield><subfield code="0">(OCoLC)fst01423814</subfield></datafield><datafield ind1=" " ind2="7" tag="651"><subfield code="a">Minnesota</subfield><subfield code="z">Glencoe.</subfield><subfield code="2">fast</subfield><subfield code="0">(OCoLC)fst01227772</subfield></datafield><datafield ind1=" " ind2="7" tag="651"><subfield code="a">Minnesota</subfield><subfield code="z">Lester Prairie.</subfield><subfield code="2">fast</subfield><subfield code="0">(OCoLC)fst01253880</subfield></datafield><datafield ind1=" " ind2=" " tag="752"><subfield code="a">United States</subfield><subfield code="b">Minnesota</subfield><subfield code="c">McLeod</subfield><subfield code="d">Lester Prairie.</subfield></datafield><datafield ind1=" " ind2=" " tag="752"><subfield code="a">United States</subfield><subfield code="b">Minnesota</subfield><subfield code="c">McLeod</subfield><subfield code="d">Glencoe.</subfield></datafield><datafield ind1="0" ind2="0" tag="780"><subfield code="t">Lester Prairie news</subfield><subfield code="w">(DLC)sn 89064604</subfield></datafield></record>